%YAML 1.1
%TAG !u! tag:unity3d.com,2011:
--- !u!29 &1
OcclusionCullingSettings:
  m_ObjectHideFlags: 0
  serializedVersion: 2
  m_OcclusionBakeSettings:
    smallestOccluder: 5
    smallestHole: 0.25
    backfaceThreshold: 100
  m_SceneGUID: 00000000000000000000000000000000
  m_OcclusionCullingData: {fileID: 0}
--- !u!104 &2
RenderSettings:
  m_ObjectHideFlags: 0
  serializedVersion: 9
  m_Fog: 0
  m_FogColor: {r: 0.5, g: 0.5, b: 0.5, a: 1}
  m_FogMode: 3
  m_FogDensity: 0.01
  m_LinearFogStart: 0
  m_LinearFogEnd: 300
  m_AmbientSkyColor: {r: 0.212, g: 0.227, b: 0.259, a: 1}
  m_AmbientEquatorColor: {r: 0.114, g: 0.125, b: 0.133, a: 1}
  m_AmbientGroundColor: {r: 0.047, g: 0.043, b: 0.035, a: 1}
  m_AmbientIntensity: 1
  m_AmbientMode: 3
  m_SubtractiveShadowColor: {r: 0.42, g: 0.478, b: 0.627, a: 1}
  m_SkyboxMaterial: {fileID: 0}
  m_HaloStrength: 0.5
  m_FlareStrength: 1
  m_FlareFadeSpeed: 3
  m_HaloTexture: {fileID: 0}
  m_SpotCookie: {fileID: 10001, guid: 0000000000000000e000000000000000, type: 0}
  m_DefaultReflectionMode: 0
  m_DefaultReflectionResolution: 128
  m_ReflectionBounces: 1
  m_ReflectionIntensity: 1
  m_CustomReflection: {fileID: 0}
  m_Sun: {fileID: 0}
  m_IndirectSpecularColor: {r: 0, g: 0, b: 0, a: 1}
  m_UseRadianceAmbientProbe: 0
--- !u!157 &3
LightmapSettings:
  m_ObjectHideFlags: 0
  serializedVersion: 11
  m_GIWorkflowMode: 1
  m_GISettings:
    serializedVersion: 2
    m_BounceScale: 1
    m_IndirectOutputScale: 1
    m_AlbedoBoost: 1
    m_EnvironmentLightingMode: 0
    m_EnableBakedLightmaps: 0
    m_EnableRealtimeLightmaps: 0
  m_LightmapEditorSettings:
    serializedVersion: 12
    m_Resolution: 2
    m_BakeResolution: 40
    m_AtlasSize: 1024
    m_AO: 0
    m_AOMaxDistance: 1
    m_CompAOExponent: 1
    m_CompAOExponentDirect: 0
    m_ExtractAmbientOcclusion: 0
    m_Padding: 2
    m_LightmapParameters: {fileID: 0}
    m_LightmapsBakeMode: 1
    m_TextureCompression: 1
    m_FinalGather: 0
    m_FinalGatherFiltering: 1
    m_FinalGatherRayCount: 256
    m_ReflectionCompression: 2
    m_MixedBakeMode: 2
    m_BakeBackend: 1
    m_PVRSampling: 1
    m_PVRDirectSampleCount: 32
    m_PVRSampleCount: 512
    m_PVRBounces: 2
    m_PVREnvironmentSampleCount: 256
    m_PVREnvironmentReferencePointCount: 2048
    m_PVRFilteringMode: 1
    m_PVRDenoiserTypeDirect: 1
    m_PVRDenoiserTypeIndirect: 1
    m_PVRDenoiserTypeAO: 1
    m_PVRFilterTypeDirect: 0
    m_PVRFilterTypeIndirect: 0
    m_PVRFilterTypeAO: 0
    m_PVREnvironmentMIS: 1
    m_PVRCulling: 1
    m_PVRFilteringGaussRadiusDirect: 1
    m_PVRFilteringGaussRadiusIndirect: 5
    m_PVRFilteringGaussRadiusAO: 2
    m_PVRFilteringAtrousPositionSigmaDirect: 0.5
    m_PVRFilteringAtrousPositionSigmaIndirect: 2
    m_PVRFilteringAtrousPositionSigmaAO: 1
    m_ShowResolutionOverlay: 1
    m_ExportTrainingData: 0
  m_LightingDataAsset: {fileID: 0}
  m_UseShadowmask: 1
--- !u!196 &4
NavMeshSettings:
  serializedVersion: 2
  m_ObjectHideFlags: 0
  m_BuildSettings:
    serializedVersion: 2
    agentTypeID: 0
    agentRadius: 0.5
    agentHeight: 2
    agentSlope: 45
    agentClimb: 0.4
    ledgeDropHeight: 0
    maxJumpAcrossDistance: 0
    minRegionArea: 2
    manualCellSize: 0
    cellSize: 0.16666667
    manualTileSize: 0
    tileSize: 256
    accuratePlacement: 0
    debug:
      m_Flags: 0
  m_NavMeshData: {fileID: 0}
--- !u!1 &48385877
GameObject:
  m_ObjectHideFlags: 0
  m_CorrespondingSourceObject: {fileID: 0}
  m_PrefabInstance: {fileID: 0}
  m_PrefabAsset: {fileID: 0}
  serializedVersion: 6
  m_Component:
  - component: {fileID: 48385878}
  - component: {fileID: 48385880}
  - component: {fileID: 48385879}
  m_Layer: 5
  m_Name: Text (TMP)
  m_TagString: Untagged
  m_Icon: {fileID: 0}
  m_NavMeshLayer: 0
  m_StaticEditorFlags: 0
  m_IsActive: 1
--- !u!224 &48385878
RectTransform:
  m_ObjectHideFlags: 0
  m_CorrespondingSourceObject: {fileID: 0}
  m_PrefabInstance: {fileID: 0}
  m_PrefabAsset: {fileID: 0}
  m_GameObject: {fileID: 48385877}
  m_LocalRotation: {x: -0, y: -0, z: -0, w: 1}
  m_LocalPosition: {x: 0, y: 0, z: 0}
  m_LocalScale: {x: 1, y: 1, z: 1}
  m_Children: []
  m_Father: {fileID: 1189146585}
  m_RootOrder: 0
  m_LocalEulerAnglesHint: {x: 0, y: 0, z: 0}
  m_AnchorMin: {x: 0, y: 0}
  m_AnchorMax: {x: 0, y: 0}
  m_AnchoredPosition: {x: 0, y: 0}
  m_SizeDelta: {x: 400, y: 100}
  m_Pivot: {x: 0.5, y: 0.5}
--- !u!114 &48385879
MonoBehaviour:
  m_ObjectHideFlags: 0
  m_CorrespondingSourceObject: {fileID: 0}
  m_PrefabInstance: {fileID: 0}
  m_PrefabAsset: {fileID: 0}
  m_GameObject: {fileID: 48385877}
  m_Enabled: 1
  m_EditorHideFlags: 0
  m_Script: {fileID: 11500000, guid: f4688fdb7df04437aeb418b961361dc5, type: 3}
  m_Name: 
  m_EditorClassIdentifier: 
  m_Material: {fileID: 0}
  m_Color: {r: 1, g: 1, b: 1, a: 1}
  m_RaycastTarget: 1
  m_OnCullStateChanged:
    m_PersistentCalls:
      m_Calls: []
    m_TypeName: UnityEngine.UI.MaskableGraphic+CullStateChangedEvent, UnityEngine.UI,
      Version=1.0.0.0, Culture=neutral, PublicKeyToken=null
  m_text: pongui
  m_isRightToLeft: 0
  m_fontAsset: {fileID: 11400000, guid: 81450d824f3d44e8b841841c51b48ee8, type: 2}
  m_sharedMaterial: {fileID: -1518415113557502307, guid: 81450d824f3d44e8b841841c51b48ee8,
    type: 2}
  m_fontSharedMaterials: []
  m_fontMaterial: {fileID: 0}
  m_fontMaterials: []
  m_fontColor32:
    serializedVersion: 2
    rgba: 4294967295
  m_fontColor: {r: 1, g: 1, b: 1, a: 1}
  m_enableVertexGradient: 0
  m_colorMode: 3
  m_fontColorGradient:
    topLeft: {r: 1, g: 1, b: 1, a: 1}
    topRight: {r: 1, g: 1, b: 1, a: 1}
    bottomLeft: {r: 1, g: 1, b: 1, a: 1}
    bottomRight: {r: 1, g: 1, b: 1, a: 1}
  m_fontColorGradientPreset: {fileID: 0}
  m_spriteAsset: {fileID: 0}
  m_tintAllSprites: 0
  m_overrideHtmlColors: 0
  m_faceColor:
    serializedVersion: 2
    rgba: 4294967295
  m_outlineColor:
    serializedVersion: 2
    rgba: 4278190080
  m_fontSize: 80
  m_fontSizeBase: 80
  m_fontWeight: 400
  m_enableAutoSizing: 0
  m_fontSizeMin: 18
  m_fontSizeMax: 72
  m_fontStyle: 0
  m_textAlignment: 514
  m_characterSpacing: 10
  m_wordSpacing: 0
  m_lineSpacing: 0
  m_lineSpacingMax: 0
  m_paragraphSpacing: 0
  m_charWidthMaxAdj: 0
  m_enableWordWrapping: 0
  m_wordWrappingRatios: 0.4
  m_overflowMode: 0
  m_firstOverflowCharacterIndex: -1
  m_linkedTextComponent: {fileID: 0}
  m_isLinkedTextComponent: 0
  m_isTextTruncated: 0
  m_enableKerning: 1
  m_enableExtraPadding: 0
  checkPaddingRequired: 0
  m_isRichText: 1
  m_parseCtrlCharacters: 1
  m_isOrthographic: 1
  m_isCullingEnabled: 0
  m_ignoreRectMaskCulling: 0
  m_ignoreCulling: 1
  m_horizontalMapping: 0
  m_verticalMapping: 0
  m_uvLineOffset: 0
  m_geometrySortingOrder: 0
  m_VertexBufferAutoSizeReduction: 1
  m_firstVisibleCharacter: 0
  m_useMaxVisibleDescender: 1
  m_pageToDisplay: 1
  m_margin: {x: 0, y: 0, z: 0, w: 0}
  m_textInfo:
    textComponent: {fileID: 48385879}
    characterCount: 6
    spriteCount: 0
    spaceCount: 0
    wordCount: 1
    linkCount: 0
    lineCount: 1
    pageCount: 1
    materialCount: 1
  m_isUsingLegacyAnimationComponent: 0
  m_isVolumetricText: 0
  m_spriteAnimator: {fileID: 0}
  m_hasFontAssetChanged: 0
  m_subTextObjects:
  - {fileID: 0}
  - {fileID: 0}
  - {fileID: 0}
  - {fileID: 0}
  - {fileID: 0}
  - {fileID: 0}
  - {fileID: 0}
  - {fileID: 0}
  m_baseMaterial: {fileID: 0}
  m_maskOffset: {x: 0, y: 0, z: 0, w: 0}
--- !u!222 &48385880
CanvasRenderer:
  m_ObjectHideFlags: 0
  m_CorrespondingSourceObject: {fileID: 0}
  m_PrefabInstance: {fileID: 0}
  m_PrefabAsset: {fileID: 0}
  m_GameObject: {fileID: 48385877}
  m_CullTransparentMesh: 0
--- !u!1 &230101697 stripped
GameObject:
  m_CorrespondingSourceObject: {fileID: 4944708930840363639, guid: 858a5391ee6454f3ea7ac3a870590a0f,
    type: 3}
  m_PrefabInstance: {fileID: 2482740135712558579}
  m_PrefabAsset: {fileID: 0}
--- !u!114 &230101698
MonoBehaviour:
  m_ObjectHideFlags: 0
  m_CorrespondingSourceObject: {fileID: 0}
  m_PrefabInstance: {fileID: 0}
  m_PrefabAsset: {fileID: 0}
  m_GameObject: {fileID: 230101697}
  m_Enabled: 1
  m_EditorHideFlags: 0
  m_Script: {fileID: 11500000, guid: 1204e52b3f3784c6384216201796d495, type: 3}
  m_Name: 
  m_EditorClassIdentifier: 
--- !u!1 &694532423 stripped
GameObject:
  m_CorrespondingSourceObject: {fileID: 4944708930840363639, guid: 858a5391ee6454f3ea7ac3a870590a0f,
    type: 3}
  m_PrefabInstance: {fileID: 1050258603}
  m_PrefabAsset: {fileID: 0}
--- !u!114 &694532424
MonoBehaviour:
  m_ObjectHideFlags: 0
  m_CorrespondingSourceObject: {fileID: 0}
  m_PrefabInstance: {fileID: 0}
  m_PrefabAsset: {fileID: 0}
  m_GameObject: {fileID: 694532423}
  m_Enabled: 1
  m_EditorHideFlags: 0
  m_Script: {fileID: 11500000, guid: 1204e52b3f3784c6384216201796d495, type: 3}
  m_Name: 
  m_EditorClassIdentifier: 
--- !u!1001 &890258469
PrefabInstance:
  m_ObjectHideFlags: 0
  serializedVersion: 2
  m_Modification:
    m_TransformParent: {fileID: 0}
    m_Modifications:
    - target: {fileID: 3202642863551271888, guid: af40ce14a87d7490aa2b65d8895a6d5d,
        type: 3}
      propertyPath: m_Name
      value: Main Camera
      objectReference: {fileID: 0}
    - target: {fileID: 3202642863551271724, guid: af40ce14a87d7490aa2b65d8895a6d5d,
        type: 3}
      propertyPath: m_LocalPosition.x
      value: 0
      objectReference: {fileID: 0}
    - target: {fileID: 3202642863551271724, guid: af40ce14a87d7490aa2b65d8895a6d5d,
        type: 3}
      propertyPath: m_LocalPosition.y
      value: 0
      objectReference: {fileID: 0}
    - target: {fileID: 3202642863551271724, guid: af40ce14a87d7490aa2b65d8895a6d5d,
        type: 3}
      propertyPath: m_LocalPosition.z
      value: -10
      objectReference: {fileID: 0}
    - target: {fileID: 3202642863551271724, guid: af40ce14a87d7490aa2b65d8895a6d5d,
        type: 3}
      propertyPath: m_LocalRotation.x
      value: 0
      objectReference: {fileID: 0}
    - target: {fileID: 3202642863551271724, guid: af40ce14a87d7490aa2b65d8895a6d5d,
        type: 3}
      propertyPath: m_LocalRotation.y
      value: 0
      objectReference: {fileID: 0}
    - target: {fileID: 3202642863551271724, guid: af40ce14a87d7490aa2b65d8895a6d5d,
        type: 3}
      propertyPath: m_LocalRotation.z
      value: 0
      objectReference: {fileID: 0}
    - target: {fileID: 3202642863551271724, guid: af40ce14a87d7490aa2b65d8895a6d5d,
        type: 3}
      propertyPath: m_LocalRotation.w
      value: 1
      objectReference: {fileID: 0}
    - target: {fileID: 3202642863551271724, guid: af40ce14a87d7490aa2b65d8895a6d5d,
        type: 3}
      propertyPath: m_RootOrder
      value: 0
      objectReference: {fileID: 0}
    - target: {fileID: 3202642863551271724, guid: af40ce14a87d7490aa2b65d8895a6d5d,
        type: 3}
      propertyPath: m_LocalEulerAnglesHint.x
      value: 0
      objectReference: {fileID: 0}
    - target: {fileID: 3202642863551271724, guid: af40ce14a87d7490aa2b65d8895a6d5d,
        type: 3}
      propertyPath: m_LocalEulerAnglesHint.y
      value: 0
      objectReference: {fileID: 0}
    - target: {fileID: 3202642863551271724, guid: af40ce14a87d7490aa2b65d8895a6d5d,
        type: 3}
      propertyPath: m_LocalEulerAnglesHint.z
      value: 0
      objectReference: {fileID: 0}
    - target: {fileID: 3202642863551271890, guid: af40ce14a87d7490aa2b65d8895a6d5d,
        type: 3}
      propertyPath: volumeLayer.m_Bits
      value: 256
      objectReference: {fileID: 0}
    m_RemovedComponents: []
  m_SourcePrefab: {fileID: 100100000, guid: af40ce14a87d7490aa2b65d8895a6d5d, type: 3}
--- !u!20 &890258470 stripped
Camera:
  m_CorrespondingSourceObject: {fileID: 3202642863551271891, guid: af40ce14a87d7490aa2b65d8895a6d5d,
    type: 3}
  m_PrefabInstance: {fileID: 890258469}
  m_PrefabAsset: {fileID: 0}
--- !u!1001 &970662088
PrefabInstance:
  m_ObjectHideFlags: 0
  serializedVersion: 2
  m_Modification:
    m_TransformParent: {fileID: 0}
    m_Modifications:
    - target: {fileID: 5589229730440809665, guid: 7b468f0cfd7fc4050af97897ae03fadd,
        type: 3}
      propertyPath: m_Name
      value: GameArea
      objectReference: {fileID: 0}
    - target: {fileID: 5589229730440809667, guid: 7b468f0cfd7fc4050af97897ae03fadd,
        type: 3}
      propertyPath: m_LocalPosition.x
      value: 0
      objectReference: {fileID: 0}
    - target: {fileID: 5589229730440809667, guid: 7b468f0cfd7fc4050af97897ae03fadd,
        type: 3}
      propertyPath: m_LocalPosition.y
      value: 0
      objectReference: {fileID: 0}
    - target: {fileID: 5589229730440809667, guid: 7b468f0cfd7fc4050af97897ae03fadd,
        type: 3}
      propertyPath: m_LocalPosition.z
      value: 0
      objectReference: {fileID: 0}
    - target: {fileID: 5589229730440809667, guid: 7b468f0cfd7fc4050af97897ae03fadd,
        type: 3}
      propertyPath: m_LocalRotation.x
      value: 0
      objectReference: {fileID: 0}
    - target: {fileID: 5589229730440809667, guid: 7b468f0cfd7fc4050af97897ae03fadd,
        type: 3}
      propertyPath: m_LocalRotation.y
      value: 0
      objectReference: {fileID: 0}
    - target: {fileID: 5589229730440809667, guid: 7b468f0cfd7fc4050af97897ae03fadd,
        type: 3}
      propertyPath: m_LocalRotation.z
      value: 0
      objectReference: {fileID: 0}
    - target: {fileID: 5589229730440809667, guid: 7b468f0cfd7fc4050af97897ae03fadd,
        type: 3}
      propertyPath: m_LocalRotation.w
      value: 1
      objectReference: {fileID: 0}
    - target: {fileID: 5589229730440809667, guid: 7b468f0cfd7fc4050af97897ae03fadd,
        type: 3}
      propertyPath: m_RootOrder
      value: 1
      objectReference: {fileID: 0}
    - target: {fileID: 5589229730440809667, guid: 7b468f0cfd7fc4050af97897ae03fadd,
        type: 3}
      propertyPath: m_LocalEulerAnglesHint.x
      value: 0
      objectReference: {fileID: 0}
    - target: {fileID: 5589229730440809667, guid: 7b468f0cfd7fc4050af97897ae03fadd,
        type: 3}
      propertyPath: m_LocalEulerAnglesHint.y
      value: 0
      objectReference: {fileID: 0}
    - target: {fileID: 5589229730440809667, guid: 7b468f0cfd7fc4050af97897ae03fadd,
        type: 3}
      propertyPath: m_LocalEulerAnglesHint.z
      value: 0
      objectReference: {fileID: 0}
    m_RemovedComponents: []
  m_SourcePrefab: {fileID: 100100000, guid: 7b468f0cfd7fc4050af97897ae03fadd, type: 3}
--- !u!1001 &1050258603
PrefabInstance:
  m_ObjectHideFlags: 0
  serializedVersion: 2
  m_Modification:
    m_TransformParent: {fileID: 1189146585}
    m_Modifications:
    - target: {fileID: 4944708930840363639, guid: 858a5391ee6454f3ea7ac3a870590a0f,
        type: 3}
      propertyPath: m_Name
      value: Button2P
      objectReference: {fileID: 0}
    - target: {fileID: 3010269833411092842, guid: 858a5391ee6454f3ea7ac3a870590a0f,
        type: 3}
      propertyPath: m_LocalPosition.x
      value: 0
      objectReference: {fileID: 0}
    - target: {fileID: 3010269833411092842, guid: 858a5391ee6454f3ea7ac3a870590a0f,
        type: 3}
      propertyPath: m_LocalPosition.y
      value: 0
      objectReference: {fileID: 0}
    - target: {fileID: 3010269833411092842, guid: 858a5391ee6454f3ea7ac3a870590a0f,
        type: 3}
      propertyPath: m_LocalPosition.z
      value: 0
      objectReference: {fileID: 0}
    - target: {fileID: 3010269833411092842, guid: 858a5391ee6454f3ea7ac3a870590a0f,
        type: 3}
      propertyPath: m_LocalRotation.x
      value: 0
      objectReference: {fileID: 0}
    - target: {fileID: 3010269833411092842, guid: 858a5391ee6454f3ea7ac3a870590a0f,
        type: 3}
      propertyPath: m_LocalRotation.y
      value: 0
      objectReference: {fileID: 0}
    - target: {fileID: 3010269833411092842, guid: 858a5391ee6454f3ea7ac3a870590a0f,
        type: 3}
      propertyPath: m_LocalRotation.z
      value: 0
      objectReference: {fileID: 0}
    - target: {fileID: 3010269833411092842, guid: 858a5391ee6454f3ea7ac3a870590a0f,
        type: 3}
      propertyPath: m_LocalRotation.w
      value: 1
      objectReference: {fileID: 0}
    - target: {fileID: 3010269833411092842, guid: 858a5391ee6454f3ea7ac3a870590a0f,
        type: 3}
      propertyPath: m_RootOrder
      value: 1
      objectReference: {fileID: 0}
    - target: {fileID: 3010269833411092842, guid: 858a5391ee6454f3ea7ac3a870590a0f,
        type: 3}
      propertyPath: m_LocalEulerAnglesHint.x
      value: 0
      objectReference: {fileID: 0}
    - target: {fileID: 3010269833411092842, guid: 858a5391ee6454f3ea7ac3a870590a0f,
        type: 3}
      propertyPath: m_LocalEulerAnglesHint.y
      value: 0
      objectReference: {fileID: 0}
    - target: {fileID: 3010269833411092842, guid: 858a5391ee6454f3ea7ac3a870590a0f,
        type: 3}
      propertyPath: m_LocalEulerAnglesHint.z
      value: 0
      objectReference: {fileID: 0}
    - target: {fileID: 3010269833411092842, guid: 858a5391ee6454f3ea7ac3a870590a0f,
        type: 3}
      propertyPath: m_AnchoredPosition.x
      value: 0
      objectReference: {fileID: 0}
    - target: {fileID: 3010269833411092842, guid: 858a5391ee6454f3ea7ac3a870590a0f,
        type: 3}
      propertyPath: m_AnchoredPosition.y
      value: 0
      objectReference: {fileID: 0}
    - target: {fileID: 3010269833411092842, guid: 858a5391ee6454f3ea7ac3a870590a0f,
        type: 3}
      propertyPath: m_SizeDelta.x
      value: 340
      objectReference: {fileID: 0}
    - target: {fileID: 3010269833411092842, guid: 858a5391ee6454f3ea7ac3a870590a0f,
        type: 3}
      propertyPath: m_SizeDelta.y
      value: 80
      objectReference: {fileID: 0}
    - target: {fileID: 3010269833411092842, guid: 858a5391ee6454f3ea7ac3a870590a0f,
        type: 3}
      propertyPath: m_AnchorMin.x
      value: 0
      objectReference: {fileID: 0}
    - target: {fileID: 3010269833411092842, guid: 858a5391ee6454f3ea7ac3a870590a0f,
        type: 3}
      propertyPath: m_AnchorMin.y
      value: 0
      objectReference: {fileID: 0}
    - target: {fileID: 3010269833411092842, guid: 858a5391ee6454f3ea7ac3a870590a0f,
        type: 3}
      propertyPath: m_AnchorMax.x
      value: 0
      objectReference: {fileID: 0}
    - target: {fileID: 3010269833411092842, guid: 858a5391ee6454f3ea7ac3a870590a0f,
        type: 3}
      propertyPath: m_AnchorMax.y
      value: 0
      objectReference: {fileID: 0}
    - target: {fileID: 3010269833411092842, guid: 858a5391ee6454f3ea7ac3a870590a0f,
        type: 3}
      propertyPath: m_Pivot.x
      value: 0.5
      objectReference: {fileID: 0}
    - target: {fileID: 3010269833411092842, guid: 858a5391ee6454f3ea7ac3a870590a0f,
        type: 3}
      propertyPath: m_Pivot.y
      value: 0.5
      objectReference: {fileID: 0}
    - target: {fileID: 5427531438398013963, guid: 858a5391ee6454f3ea7ac3a870590a0f,
        type: 3}
      propertyPath: m_OnClick.m_PersistentCalls.m_Calls.Array.size
      value: 1
      objectReference: {fileID: 0}
    - target: {fileID: 5427531438398013963, guid: 858a5391ee6454f3ea7ac3a870590a0f,
        type: 3}
      propertyPath: m_OnClick.m_PersistentCalls.m_Calls.Array.data[0].m_Mode
      value: 5
      objectReference: {fileID: 0}
    - target: {fileID: 5427531438398013963, guid: 858a5391ee6454f3ea7ac3a870590a0f,
        type: 3}
      propertyPath: m_OnClick.m_PersistentCalls.m_Calls.Array.data[0].m_CallState
      value: 2
      objectReference: {fileID: 0}
    - target: {fileID: 5427531438398013963, guid: 858a5391ee6454f3ea7ac3a870590a0f,
        type: 3}
      propertyPath: m_OnClick.m_PersistentCalls.m_Calls.Array.data[1].m_Mode
      value: 1
      objectReference: {fileID: 0}
    - target: {fileID: 5427531438398013963, guid: 858a5391ee6454f3ea7ac3a870590a0f,
        type: 3}
      propertyPath: m_OnClick.m_PersistentCalls.m_Calls.Array.data[1].m_CallState
      value: 2
      objectReference: {fileID: 0}
    - target: {fileID: 5427531438398013963, guid: 858a5391ee6454f3ea7ac3a870590a0f,
        type: 3}
      propertyPath: m_OnClick.m_PersistentCalls.m_Calls.Array.data[0].m_Target
      value: 
      objectReference: {fileID: 694532424}
    - target: {fileID: 5427531438398013963, guid: 858a5391ee6454f3ea7ac3a870590a0f,
        type: 3}
      propertyPath: m_Interactable
      value: 1
      objectReference: {fileID: 0}
    - target: {fileID: 5427531438398013963, guid: 858a5391ee6454f3ea7ac3a870590a0f,
        type: 3}
      propertyPath: m_OnClick.m_PersistentCalls.m_Calls.Array.data[0].m_MethodName
      value: LoadNewScene
      objectReference: {fileID: 0}
    - target: {fileID: 5427531438398013963, guid: 858a5391ee6454f3ea7ac3a870590a0f,
        type: 3}
      propertyPath: m_OnClick.m_PersistentCalls.m_Calls.Array.data[0].m_Arguments.m_ObjectArgumentAssemblyTypeName
      value: UnityEngine.Object, UnityEngine
      objectReference: {fileID: 0}
    - target: {fileID: 5427531438398013963, guid: 858a5391ee6454f3ea7ac3a870590a0f,
        type: 3}
      propertyPath: m_OnClick.m_PersistentCalls.m_Calls.Array.data[0].m_Arguments.m_StringArgument
      value: GameScene
      objectReference: {fileID: 0}
    - target: {fileID: 5427531438398013963, guid: 858a5391ee6454f3ea7ac3a870590a0f,
        type: 3}
      propertyPath: m_Colors.m_PressedColor.r
      value: 0.8773585
      objectReference: {fileID: 0}
    - target: {fileID: 5427531438398013963, guid: 858a5391ee6454f3ea7ac3a870590a0f,
        type: 3}
      propertyPath: m_Colors.m_PressedColor.g
      value: 0.8773585
      objectReference: {fileID: 0}
    - target: {fileID: 5427531438398013963, guid: 858a5391ee6454f3ea7ac3a870590a0f,
        type: 3}
      propertyPath: m_Colors.m_PressedColor.b
      value: 0.8773585
      objectReference: {fileID: 0}
    - target: {fileID: 551525463416312734, guid: 858a5391ee6454f3ea7ac3a870590a0f,
        type: 3}
      propertyPath: m_textInfo.characterCount
      value: 9
      objectReference: {fileID: 0}
    - target: {fileID: 551525463416312734, guid: 858a5391ee6454f3ea7ac3a870590a0f,
        type: 3}
      propertyPath: m_textInfo.spaceCount
      value: 1
      objectReference: {fileID: 0}
    - target: {fileID: 551525463416312734, guid: 858a5391ee6454f3ea7ac3a870590a0f,
        type: 3}
      propertyPath: m_textInfo.wordCount
      value: 2
      objectReference: {fileID: 0}
    - target: {fileID: 551525463416312734, guid: 858a5391ee6454f3ea7ac3a870590a0f,
        type: 3}
      propertyPath: m_textInfo.lineCount
      value: 1
      objectReference: {fileID: 0}
    - target: {fileID: 551525463416312734, guid: 858a5391ee6454f3ea7ac3a870590a0f,
        type: 3}
      propertyPath: m_textInfo.pageCount
      value: 1
      objectReference: {fileID: 0}
    - target: {fileID: 551525463416312734, guid: 858a5391ee6454f3ea7ac3a870590a0f,
        type: 3}
      propertyPath: m_text
      value: two player
      objectReference: {fileID: 0}
    m_RemovedComponents: []
  m_SourcePrefab: {fileID: 100100000, guid: 858a5391ee6454f3ea7ac3a870590a0f, type: 3}
--- !u!224 &1050258604 stripped
RectTransform:
  m_CorrespondingSourceObject: {fileID: 3010269833411092842, guid: 858a5391ee6454f3ea7ac3a870590a0f,
    type: 3}
  m_PrefabInstance: {fileID: 1050258603}
  m_PrefabAsset: {fileID: 0}
--- !u!1 &1189146584
GameObject:
  m_ObjectHideFlags: 0
  m_CorrespondingSourceObject: {fileID: 0}
  m_PrefabInstance: {fileID: 0}
  m_PrefabAsset: {fileID: 0}
  serializedVersion: 6
  m_Component:
  - component: {fileID: 1189146585}
  - component: {fileID: 1189146587}
  - component: {fileID: 1189146586}
  m_Layer: 5
  m_Name: Panel
  m_TagString: Untagged
  m_Icon: {fileID: 0}
  m_NavMeshLayer: 0
  m_StaticEditorFlags: 0
  m_IsActive: 1
--- !u!224 &1189146585
RectTransform:
  m_ObjectHideFlags: 0
  m_CorrespondingSourceObject: {fileID: 0}
  m_PrefabInstance: {fileID: 0}
  m_PrefabAsset: {fileID: 0}
  m_GameObject: {fileID: 1189146584}
  m_LocalRotation: {x: 0, y: 0, z: 0, w: 1}
  m_LocalPosition: {x: 0, y: 0, z: 0}
  m_LocalScale: {x: 1, y: 1, z: 1}
  m_Children:
  - {fileID: 48385878}
  - {fileID: 1050258604}
  - {fileID: 2482740135712558580}
  - {fileID: 1965878648}
  - {fileID: 1668806945}
  m_Father: {fileID: 1601302588}
  m_RootOrder: 1
  m_LocalEulerAnglesHint: {x: 0, y: 0, z: 0}
  m_AnchorMin: {x: 0.5, y: 0.5}
  m_AnchorMax: {x: 0.5, y: 0.5}
  m_AnchoredPosition: {x: 0, y: 0}
  m_SizeDelta: {x: 800, y: 600}
  m_Pivot: {x: 0.5, y: 0.5}
--- !u!114 &1189146586
MonoBehaviour:
  m_ObjectHideFlags: 0
  m_CorrespondingSourceObject: {fileID: 0}
  m_PrefabInstance: {fileID: 0}
  m_PrefabAsset: {fileID: 0}
  m_GameObject: {fileID: 1189146584}
  m_Enabled: 1
  m_EditorHideFlags: 0
  m_Script: {fileID: 1297475563, guid: f70555f144d8491a825f0804e09c671c, type: 3}
  m_Name: 
  m_EditorClassIdentifier: 
  m_Padding:
    m_Left: 0
    m_Right: 0
    m_Top: 0
    m_Bottom: 0
  m_ChildAlignment: 1
  m_Spacing: 30
  m_ChildForceExpandWidth: 1
  m_ChildForceExpandHeight: 1
  m_ChildControlWidth: 0
  m_ChildControlHeight: 0
  m_ChildScaleWidth: 0
  m_ChildScaleHeight: 0
--- !u!222 &1189146587
CanvasRenderer:
  m_ObjectHideFlags: 0
  m_CorrespondingSourceObject: {fileID: 0}
  m_PrefabInstance: {fileID: 0}
  m_PrefabAsset: {fileID: 0}
  m_GameObject: {fileID: 1189146584}
  m_CullTransparentMesh: 0
--- !u!1 &1601302587
GameObject:
  m_ObjectHideFlags: 0
  m_CorrespondingSourceObject: {fileID: 0}
  m_PrefabInstance: {fileID: 0}
  m_PrefabAsset: {fileID: 0}
  serializedVersion: 6
  m_Component:
  - component: {fileID: 1601302588}
  - component: {fileID: 1601302591}
  - component: {fileID: 1601302590}
  - component: {fileID: 1601302589}
  m_Layer: 5
  m_Name: Menu
  m_TagString: Untagged
  m_Icon: {fileID: 0}
  m_NavMeshLayer: 0
  m_StaticEditorFlags: 0
  m_IsActive: 1
--- !u!224 &1601302588
RectTransform:
  m_ObjectHideFlags: 0
  m_CorrespondingSourceObject: {fileID: 0}
  m_PrefabInstance: {fileID: 0}
  m_PrefabAsset: {fileID: 0}
  m_GameObject: {fileID: 1601302587}
  m_LocalRotation: {x: -0, y: -0, z: -0, w: 1}
  m_LocalPosition: {x: 0, y: 0, z: -8}
  m_LocalScale: {x: 0.01, y: 0.01, z: 0.01}
  m_Children:
  - {fileID: 2109042841}
  - {fileID: 1189146585}
  m_Father: {fileID: 0}
  m_RootOrder: 3
  m_LocalEulerAnglesHint: {x: 0, y: 0, z: 0}
  m_AnchorMin: {x: 0.5, y: 0.5}
  m_AnchorMax: {x: 0.5, y: 0.5}
  m_AnchoredPosition: {x: 0, y: 0}
  m_SizeDelta: {x: 100, y: 100}
  m_Pivot: {x: 0.5, y: 0.5}
--- !u!114 &1601302589
MonoBehaviour:
  m_ObjectHideFlags: 0
  m_CorrespondingSourceObject: {fileID: 0}
  m_PrefabInstance: {fileID: 0}
  m_PrefabAsset: {fileID: 0}
  m_GameObject: {fileID: 1601302587}
  m_Enabled: 1
  m_EditorHideFlags: 0
  m_Script: {fileID: 1301386320, guid: f70555f144d8491a825f0804e09c671c, type: 3}
  m_Name: 
  m_EditorClassIdentifier: 
  m_IgnoreReversedGraphics: 1
  m_BlockingObjects: 0
  m_BlockingMask:
    serializedVersion: 2
    m_Bits: 4294967295
--- !u!114 &1601302590
MonoBehaviour:
  m_ObjectHideFlags: 0
  m_CorrespondingSourceObject: {fileID: 0}
  m_PrefabInstance: {fileID: 0}
  m_PrefabAsset: {fileID: 0}
  m_GameObject: {fileID: 1601302587}
  m_Enabled: 1
  m_EditorHideFlags: 0
  m_Script: {fileID: 1980459831, guid: f70555f144d8491a825f0804e09c671c, type: 3}
  m_Name: 
  m_EditorClassIdentifier: 
  m_UiScaleMode: 0
  m_ReferencePixelsPerUnit: 100
  m_ScaleFactor: 1
  m_ReferenceResolution: {x: 800, y: 600}
  m_ScreenMatchMode: 0
  m_MatchWidthOrHeight: 0
  m_PhysicalUnit: 3
  m_FallbackScreenDPI: 96
  m_DefaultSpriteDPI: 96
  m_DynamicPixelsPerUnit: 5
--- !u!223 &1601302591
Canvas:
  m_ObjectHideFlags: 0
  m_CorrespondingSourceObject: {fileID: 0}
  m_PrefabInstance: {fileID: 0}
  m_PrefabAsset: {fileID: 0}
  m_GameObject: {fileID: 1601302587}
  m_Enabled: 1
  serializedVersion: 3
  m_RenderMode: 2
  m_Camera: {fileID: 890258470}
  m_PlaneDistance: 1
  m_PixelPerfect: 0
  m_ReceivesEvents: 1
  m_OverrideSorting: 0
  m_OverridePixelPerfect: 0
  m_SortingBucketNormalizedSize: 0
  m_AdditionalShaderChannelsFlag: 25
  m_SortingLayerID: 0
  m_SortingOrder: 0
  m_TargetDisplay: 0
--- !u!1001 &1668806944
PrefabInstance:
  m_ObjectHideFlags: 0
  serializedVersion: 2
  m_Modification:
    m_TransformParent: {fileID: 1189146585}
    m_Modifications:
    - target: {fileID: 4944708930840363639, guid: 858a5391ee6454f3ea7ac3a870590a0f,
        type: 3}
      propertyPath: m_Name
      value: ButtonExit
      objectReference: {fileID: 0}
    - target: {fileID: 3010269833411092842, guid: 858a5391ee6454f3ea7ac3a870590a0f,
        type: 3}
      propertyPath: m_LocalPosition.x
      value: 0
      objectReference: {fileID: 0}
    - target: {fileID: 3010269833411092842, guid: 858a5391ee6454f3ea7ac3a870590a0f,
        type: 3}
      propertyPath: m_LocalPosition.y
      value: 0
      objectReference: {fileID: 0}
    - target: {fileID: 3010269833411092842, guid: 858a5391ee6454f3ea7ac3a870590a0f,
        type: 3}
      propertyPath: m_LocalPosition.z
      value: 0
      objectReference: {fileID: 0}
    - target: {fileID: 3010269833411092842, guid: 858a5391ee6454f3ea7ac3a870590a0f,
        type: 3}
      propertyPath: m_LocalRotation.x
      value: 0
      objectReference: {fileID: 0}
    - target: {fileID: 3010269833411092842, guid: 858a5391ee6454f3ea7ac3a870590a0f,
        type: 3}
      propertyPath: m_LocalRotation.y
      value: 0
      objectReference: {fileID: 0}
    - target: {fileID: 3010269833411092842, guid: 858a5391ee6454f3ea7ac3a870590a0f,
        type: 3}
      propertyPath: m_LocalRotation.z
      value: 0
      objectReference: {fileID: 0}
    - target: {fileID: 3010269833411092842, guid: 858a5391ee6454f3ea7ac3a870590a0f,
        type: 3}
      propertyPath: m_LocalRotation.w
      value: 1
      objectReference: {fileID: 0}
    - target: {fileID: 3010269833411092842, guid: 858a5391ee6454f3ea7ac3a870590a0f,
        type: 3}
      propertyPath: m_RootOrder
      value: 4
      objectReference: {fileID: 0}
    - target: {fileID: 3010269833411092842, guid: 858a5391ee6454f3ea7ac3a870590a0f,
        type: 3}
      propertyPath: m_LocalEulerAnglesHint.x
      value: 0
      objectReference: {fileID: 0}
    - target: {fileID: 3010269833411092842, guid: 858a5391ee6454f3ea7ac3a870590a0f,
        type: 3}
      propertyPath: m_LocalEulerAnglesHint.y
      value: 0
      objectReference: {fileID: 0}
    - target: {fileID: 3010269833411092842, guid: 858a5391ee6454f3ea7ac3a870590a0f,
        type: 3}
      propertyPath: m_LocalEulerAnglesHint.z
      value: 0
      objectReference: {fileID: 0}
    - target: {fileID: 3010269833411092842, guid: 858a5391ee6454f3ea7ac3a870590a0f,
        type: 3}
      propertyPath: m_AnchoredPosition.x
      value: 0
      objectReference: {fileID: 0}
    - target: {fileID: 3010269833411092842, guid: 858a5391ee6454f3ea7ac3a870590a0f,
        type: 3}
      propertyPath: m_AnchoredPosition.y
      value: 0
      objectReference: {fileID: 0}
    - target: {fileID: 3010269833411092842, guid: 858a5391ee6454f3ea7ac3a870590a0f,
        type: 3}
      propertyPath: m_SizeDelta.x
      value: 340
      objectReference: {fileID: 0}
    - target: {fileID: 3010269833411092842, guid: 858a5391ee6454f3ea7ac3a870590a0f,
        type: 3}
      propertyPath: m_SizeDelta.y
      value: 80
      objectReference: {fileID: 0}
    - target: {fileID: 3010269833411092842, guid: 858a5391ee6454f3ea7ac3a870590a0f,
        type: 3}
      propertyPath: m_AnchorMin.x
      value: 0
      objectReference: {fileID: 0}
    - target: {fileID: 3010269833411092842, guid: 858a5391ee6454f3ea7ac3a870590a0f,
        type: 3}
      propertyPath: m_AnchorMin.y
      value: 0
      objectReference: {fileID: 0}
    - target: {fileID: 3010269833411092842, guid: 858a5391ee6454f3ea7ac3a870590a0f,
        type: 3}
      propertyPath: m_AnchorMax.x
      value: 0
      objectReference: {fileID: 0}
    - target: {fileID: 3010269833411092842, guid: 858a5391ee6454f3ea7ac3a870590a0f,
        type: 3}
      propertyPath: m_AnchorMax.y
      value: 0
      objectReference: {fileID: 0}
    - target: {fileID: 3010269833411092842, guid: 858a5391ee6454f3ea7ac3a870590a0f,
        type: 3}
      propertyPath: m_Pivot.x
      value: 0.5
      objectReference: {fileID: 0}
    - target: {fileID: 3010269833411092842, guid: 858a5391ee6454f3ea7ac3a870590a0f,
        type: 3}
      propertyPath: m_Pivot.y
      value: 0.5
      objectReference: {fileID: 0}
    - target: {fileID: 5427531438398013963, guid: 858a5391ee6454f3ea7ac3a870590a0f,
        type: 3}
      propertyPath: m_OnClick.m_PersistentCalls.m_Calls.Array.size
      value: 1
      objectReference: {fileID: 0}
    - target: {fileID: 5427531438398013963, guid: 858a5391ee6454f3ea7ac3a870590a0f,
        type: 3}
      propertyPath: m_OnClick.m_PersistentCalls.m_Calls.Array.data[0].m_Mode
      value: 1
      objectReference: {fileID: 0}
    - target: {fileID: 5427531438398013963, guid: 858a5391ee6454f3ea7ac3a870590a0f,
        type: 3}
      propertyPath: m_OnClick.m_PersistentCalls.m_Calls.Array.data[0].m_CallState
      value: 2
      objectReference: {fileID: 0}
    - target: {fileID: 5427531438398013963, guid: 858a5391ee6454f3ea7ac3a870590a0f,
        type: 3}
      propertyPath: m_OnClick.m_PersistentCalls.m_Calls.Array.data[0].m_Target
      value: 
      objectReference: {fileID: 2130853378}
    - target: {fileID: 5427531438398013963, guid: 858a5391ee6454f3ea7ac3a870590a0f,
        type: 3}
      propertyPath: m_OnClick.m_PersistentCalls.m_Calls.Array.data[0].m_MethodName
      value: Quit
      objectReference: {fileID: 0}
    - target: {fileID: 5427531438398013963, guid: 858a5391ee6454f3ea7ac3a870590a0f,
        type: 3}
      propertyPath: m_OnClick.m_PersistentCalls.m_Calls.Array.data[0].m_Arguments.m_ObjectArgumentAssemblyTypeName
      value: UnityEngine.Object, UnityEngine
      objectReference: {fileID: 0}
    - target: {fileID: 551525463416312734, guid: 858a5391ee6454f3ea7ac3a870590a0f,
        type: 3}
      propertyPath: m_textInfo.characterCount
      value: 4
      objectReference: {fileID: 0}
    - target: {fileID: 551525463416312734, guid: 858a5391ee6454f3ea7ac3a870590a0f,
        type: 3}
      propertyPath: m_textInfo.spaceCount
      value: 0
      objectReference: {fileID: 0}
    - target: {fileID: 551525463416312734, guid: 858a5391ee6454f3ea7ac3a870590a0f,
        type: 3}
      propertyPath: m_textInfo.wordCount
      value: 1
      objectReference: {fileID: 0}
    - target: {fileID: 551525463416312734, guid: 858a5391ee6454f3ea7ac3a870590a0f,
        type: 3}
      propertyPath: m_textInfo.lineCount
      value: 1
      objectReference: {fileID: 0}
    - target: {fileID: 551525463416312734, guid: 858a5391ee6454f3ea7ac3a870590a0f,
        type: 3}
      propertyPath: m_textInfo.pageCount
      value: 1
      objectReference: {fileID: 0}
    - target: {fileID: 551525463416312734, guid: 858a5391ee6454f3ea7ac3a870590a0f,
        type: 3}
      propertyPath: m_text
      value: exit
      objectReference: {fileID: 0}
    m_RemovedComponents: []
  m_SourcePrefab: {fileID: 100100000, guid: 858a5391ee6454f3ea7ac3a870590a0f, type: 3}
--- !u!224 &1668806945 stripped
RectTransform:
  m_CorrespondingSourceObject: {fileID: 3010269833411092842, guid: 858a5391ee6454f3ea7ac3a870590a0f,
    type: 3}
  m_PrefabInstance: {fileID: 1668806944}
  m_PrefabAsset: {fileID: 0}
--- !u!1001 &1807334810
PrefabInstance:
  m_ObjectHideFlags: 0
  serializedVersion: 2
  m_Modification:
    m_TransformParent: {fileID: 0}
    m_Modifications:
    - target: {fileID: 6700463463103263001, guid: c0fadc3e2cdbf429e928bb41dd72c765,
        type: 3}
      propertyPath: m_Name
      value: GlobalPostProcessing
      objectReference: {fileID: 0}
    - target: {fileID: 6700463463103262951, guid: c0fadc3e2cdbf429e928bb41dd72c765,
        type: 3}
      propertyPath: m_LocalPosition.x
      value: 0
      objectReference: {fileID: 0}
    - target: {fileID: 6700463463103262951, guid: c0fadc3e2cdbf429e928bb41dd72c765,
        type: 3}
      propertyPath: m_LocalPosition.y
      value: 0
      objectReference: {fileID: 0}
    - target: {fileID: 6700463463103262951, guid: c0fadc3e2cdbf429e928bb41dd72c765,
        type: 3}
      propertyPath: m_LocalPosition.z
      value: 0
      objectReference: {fileID: 0}
    - target: {fileID: 6700463463103262951, guid: c0fadc3e2cdbf429e928bb41dd72c765,
        type: 3}
      propertyPath: m_LocalRotation.x
      value: 0
      objectReference: {fileID: 0}
    - target: {fileID: 6700463463103262951, guid: c0fadc3e2cdbf429e928bb41dd72c765,
        type: 3}
      propertyPath: m_LocalRotation.y
      value: 0
      objectReference: {fileID: 0}
    - target: {fileID: 6700463463103262951, guid: c0fadc3e2cdbf429e928bb41dd72c765,
        type: 3}
      propertyPath: m_LocalRotation.z
      value: 0
      objectReference: {fileID: 0}
    - target: {fileID: 6700463463103262951, guid: c0fadc3e2cdbf429e928bb41dd72c765,
        type: 3}
      propertyPath: m_LocalRotation.w
      value: 1
      objectReference: {fileID: 0}
    - target: {fileID: 6700463463103262951, guid: c0fadc3e2cdbf429e928bb41dd72c765,
        type: 3}
      propertyPath: m_RootOrder
      value: 2
      objectReference: {fileID: 0}
    - target: {fileID: 6700463463103262951, guid: c0fadc3e2cdbf429e928bb41dd72c765,
        type: 3}
      propertyPath: m_LocalEulerAnglesHint.x
      value: 0
      objectReference: {fileID: 0}
    - target: {fileID: 6700463463103262951, guid: c0fadc3e2cdbf429e928bb41dd72c765,
        type: 3}
      propertyPath: m_LocalEulerAnglesHint.y
      value: 0
      objectReference: {fileID: 0}
    - target: {fileID: 6700463463103262951, guid: c0fadc3e2cdbf429e928bb41dd72c765,
        type: 3}
      propertyPath: m_LocalEulerAnglesHint.z
      value: 0
      objectReference: {fileID: 0}
    m_RemovedComponents: []
  m_SourcePrefab: {fileID: 100100000, guid: c0fadc3e2cdbf429e928bb41dd72c765, type: 3}
--- !u!1001 &1965878647
PrefabInstance:
  m_ObjectHideFlags: 0
  serializedVersion: 2
  m_Modification:
    m_TransformParent: {fileID: 1189146585}
    m_Modifications:
    - target: {fileID: 4944708930840363639, guid: 858a5391ee6454f3ea7ac3a870590a0f,
        type: 3}
      propertyPath: m_Name
      value: ButtonSettings
      objectReference: {fileID: 0}
    - target: {fileID: 3010269833411092842, guid: 858a5391ee6454f3ea7ac3a870590a0f,
        type: 3}
      propertyPath: m_LocalPosition.x
      value: 0
      objectReference: {fileID: 0}
    - target: {fileID: 3010269833411092842, guid: 858a5391ee6454f3ea7ac3a870590a0f,
        type: 3}
      propertyPath: m_LocalPosition.y
      value: 0
      objectReference: {fileID: 0}
    - target: {fileID: 3010269833411092842, guid: 858a5391ee6454f3ea7ac3a870590a0f,
        type: 3}
      propertyPath: m_LocalPosition.z
      value: 0
      objectReference: {fileID: 0}
    - target: {fileID: 3010269833411092842, guid: 858a5391ee6454f3ea7ac3a870590a0f,
        type: 3}
      propertyPath: m_LocalRotation.x
      value: 0
      objectReference: {fileID: 0}
    - target: {fileID: 3010269833411092842, guid: 858a5391ee6454f3ea7ac3a870590a0f,
        type: 3}
      propertyPath: m_LocalRotation.y
      value: 0
      objectReference: {fileID: 0}
    - target: {fileID: 3010269833411092842, guid: 858a5391ee6454f3ea7ac3a870590a0f,
        type: 3}
      propertyPath: m_LocalRotation.z
      value: 0
      objectReference: {fileID: 0}
    - target: {fileID: 3010269833411092842, guid: 858a5391ee6454f3ea7ac3a870590a0f,
        type: 3}
      propertyPath: m_LocalRotation.w
      value: 1
      objectReference: {fileID: 0}
    - target: {fileID: 3010269833411092842, guid: 858a5391ee6454f3ea7ac3a870590a0f,
        type: 3}
      propertyPath: m_RootOrder
      value: 3
      objectReference: {fileID: 0}
    - target: {fileID: 3010269833411092842, guid: 858a5391ee6454f3ea7ac3a870590a0f,
        type: 3}
      propertyPath: m_LocalEulerAnglesHint.x
      value: 0
      objectReference: {fileID: 0}
    - target: {fileID: 3010269833411092842, guid: 858a5391ee6454f3ea7ac3a870590a0f,
        type: 3}
      propertyPath: m_LocalEulerAnglesHint.y
      value: 0
      objectReference: {fileID: 0}
    - target: {fileID: 3010269833411092842, guid: 858a5391ee6454f3ea7ac3a870590a0f,
        type: 3}
      propertyPath: m_LocalEulerAnglesHint.z
      value: 0
      objectReference: {fileID: 0}
    - target: {fileID: 3010269833411092842, guid: 858a5391ee6454f3ea7ac3a870590a0f,
        type: 3}
      propertyPath: m_AnchoredPosition.x
      value: 0
      objectReference: {fileID: 0}
    - target: {fileID: 3010269833411092842, guid: 858a5391ee6454f3ea7ac3a870590a0f,
        type: 3}
      propertyPath: m_AnchoredPosition.y
      value: 0
      objectReference: {fileID: 0}
    - target: {fileID: 3010269833411092842, guid: 858a5391ee6454f3ea7ac3a870590a0f,
        type: 3}
      propertyPath: m_SizeDelta.x
      value: 340
      objectReference: {fileID: 0}
    - target: {fileID: 3010269833411092842, guid: 858a5391ee6454f3ea7ac3a870590a0f,
        type: 3}
      propertyPath: m_SizeDelta.y
      value: 80
      objectReference: {fileID: 0}
    - target: {fileID: 3010269833411092842, guid: 858a5391ee6454f3ea7ac3a870590a0f,
        type: 3}
      propertyPath: m_AnchorMin.x
      value: 0
      objectReference: {fileID: 0}
    - target: {fileID: 3010269833411092842, guid: 858a5391ee6454f3ea7ac3a870590a0f,
        type: 3}
      propertyPath: m_AnchorMin.y
      value: 0
      objectReference: {fileID: 0}
    - target: {fileID: 3010269833411092842, guid: 858a5391ee6454f3ea7ac3a870590a0f,
        type: 3}
      propertyPath: m_AnchorMax.x
      value: 0
      objectReference: {fileID: 0}
    - target: {fileID: 3010269833411092842, guid: 858a5391ee6454f3ea7ac3a870590a0f,
        type: 3}
      propertyPath: m_AnchorMax.y
      value: 0
      objectReference: {fileID: 0}
    - target: {fileID: 3010269833411092842, guid: 858a5391ee6454f3ea7ac3a870590a0f,
        type: 3}
      propertyPath: m_Pivot.x
      value: 0.5
      objectReference: {fileID: 0}
    - target: {fileID: 3010269833411092842, guid: 858a5391ee6454f3ea7ac3a870590a0f,
        type: 3}
      propertyPath: m_Pivot.y
      value: 0.5
      objectReference: {fileID: 0}
    - target: {fileID: 5427531438398013963, guid: 858a5391ee6454f3ea7ac3a870590a0f,
        type: 3}
      propertyPath: m_Interactable
      value: 0
      objectReference: {fileID: 0}
    - target: {fileID: 551525463416312734, guid: 858a5391ee6454f3ea7ac3a870590a0f,
        type: 3}
      propertyPath: m_textInfo.characterCount
      value: 8
      objectReference: {fileID: 0}
    - target: {fileID: 551525463416312734, guid: 858a5391ee6454f3ea7ac3a870590a0f,
        type: 3}
      propertyPath: m_textInfo.spaceCount
      value: 0
      objectReference: {fileID: 0}
    - target: {fileID: 551525463416312734, guid: 858a5391ee6454f3ea7ac3a870590a0f,
        type: 3}
      propertyPath: m_textInfo.wordCount
      value: 1
      objectReference: {fileID: 0}
    - target: {fileID: 551525463416312734, guid: 858a5391ee6454f3ea7ac3a870590a0f,
        type: 3}
      propertyPath: m_textInfo.lineCount
      value: 1
      objectReference: {fileID: 0}
    - target: {fileID: 551525463416312734, guid: 858a5391ee6454f3ea7ac3a870590a0f,
        type: 3}
      propertyPath: m_textInfo.pageCount
      value: 1
      objectReference: {fileID: 0}
    - target: {fileID: 551525463416312734, guid: 858a5391ee6454f3ea7ac3a870590a0f,
        type: 3}
      propertyPath: m_text
      value: settings
      objectReference: {fileID: 0}
    m_RemovedComponents: []
  m_SourcePrefab: {fileID: 100100000, guid: 858a5391ee6454f3ea7ac3a870590a0f, type: 3}
--- !u!224 &1965878648 stripped
RectTransform:
  m_CorrespondingSourceObject: {fileID: 3010269833411092842, guid: 858a5391ee6454f3ea7ac3a870590a0f,
    type: 3}
  m_PrefabInstance: {fileID: 1965878647}
  m_PrefabAsset: {fileID: 0}
--- !u!1 &2109042840
GameObject:
  m_ObjectHideFlags: 0
  m_CorrespondingSourceObject: {fileID: 0}
  m_PrefabInstance: {fileID: 0}
  m_PrefabAsset: {fileID: 0}
  serializedVersion: 6
  m_Component:
  - component: {fileID: 2109042841}
  - component: {fileID: 2109042843}
  - component: {fileID: 2109042842}
  m_Layer: 0
  m_Name: EventSystem
  m_TagString: Untagged
  m_Icon: {fileID: 0}
  m_NavMeshLayer: 0
  m_StaticEditorFlags: 0
  m_IsActive: 1
--- !u!4 &2109042841
Transform:
  m_ObjectHideFlags: 0
  m_CorrespondingSourceObject: {fileID: 0}
  m_PrefabInstance: {fileID: 0}
  m_PrefabAsset: {fileID: 0}
  m_GameObject: {fileID: 2109042840}
  m_LocalRotation: {x: -0, y: -0, z: -0, w: 1}
  m_LocalPosition: {x: -497, y: -373.00003, z: 0}
  m_LocalScale: {x: 1, y: 1, z: 1}
  m_Children: []
  m_Father: {fileID: 1601302588}
  m_RootOrder: 0
  m_LocalEulerAnglesHint: {x: 0, y: 0, z: 0}
--- !u!114 &2109042842
MonoBehaviour:
  m_ObjectHideFlags: 0
  m_CorrespondingSourceObject: {fileID: 0}
  m_PrefabInstance: {fileID: 0}
  m_PrefabAsset: {fileID: 0}
  m_GameObject: {fileID: 2109042840}
  m_Enabled: 1
  m_EditorHideFlags: 0
  m_Script: {fileID: 1077351063, guid: f70555f144d8491a825f0804e09c671c, type: 3}
  m_Name: 
  m_EditorClassIdentifier: 
  m_HorizontalAxis: Horizontal
  m_VerticalAxis: Vertical
  m_SubmitButton: Submit
  m_CancelButton: Cancel
  m_InputActionsPerSecond: 10
  m_RepeatDelay: 0.5
  m_ForceModuleActive: 0
--- !u!114 &2109042843
MonoBehaviour:
  m_ObjectHideFlags: 0
  m_CorrespondingSourceObject: {fileID: 0}
  m_PrefabInstance: {fileID: 0}
  m_PrefabAsset: {fileID: 0}
  m_GameObject: {fileID: 2109042840}
  m_Enabled: 1
  m_EditorHideFlags: 0
  m_Script: {fileID: -619905303, guid: f70555f144d8491a825f0804e09c671c, type: 3}
  m_Name: 
  m_EditorClassIdentifier: 
  m_FirstSelected: {fileID: 0}
  m_sendNavigationEvents: 1
  m_DragThreshold: 10
--- !u!1 &2130853377 stripped
GameObject:
  m_CorrespondingSourceObject: {fileID: 4944708930840363639, guid: 858a5391ee6454f3ea7ac3a870590a0f,
    type: 3}
  m_PrefabInstance: {fileID: 1668806944}
  m_PrefabAsset: {fileID: 0}
--- !u!114 &2130853378
MonoBehaviour:
  m_ObjectHideFlags: 0
  m_CorrespondingSourceObject: {fileID: 0}
  m_PrefabInstance: {fileID: 0}
  m_PrefabAsset: {fileID: 0}
  m_GameObject: {fileID: 2130853377}
  m_Enabled: 1
  m_EditorHideFlags: 0
  m_Script: {fileID: 11500000, guid: 56a82a6195ad04ba9bf902a0529c347a, type: 3}
  m_Name: 
  m_EditorClassIdentifier: 
--- !u!1001 &2482740135712558579
PrefabInstance:
  m_ObjectHideFlags: 0
  serializedVersion: 2
  m_Modification:
    m_TransformParent: {fileID: 1189146585}
    m_Modifications:
    - target: {fileID: 4944708930840363639, guid: 858a5391ee6454f3ea7ac3a870590a0f,
        type: 3}
      propertyPath: m_Name
      value: ButtonAI
      objectReference: {fileID: 0}
    - target: {fileID: 3010269833411092842, guid: 858a5391ee6454f3ea7ac3a870590a0f,
        type: 3}
      propertyPath: m_LocalPosition.x
      value: 0
      objectReference: {fileID: 0}
    - target: {fileID: 3010269833411092842, guid: 858a5391ee6454f3ea7ac3a870590a0f,
        type: 3}
      propertyPath: m_LocalPosition.y
      value: 0
      objectReference: {fileID: 0}
    - target: {fileID: 3010269833411092842, guid: 858a5391ee6454f3ea7ac3a870590a0f,
        type: 3}
      propertyPath: m_LocalPosition.z
      value: 0
      objectReference: {fileID: 0}
    - target: {fileID: 3010269833411092842, guid: 858a5391ee6454f3ea7ac3a870590a0f,
        type: 3}
      propertyPath: m_LocalRotation.x
      value: 0
      objectReference: {fileID: 0}
    - target: {fileID: 3010269833411092842, guid: 858a5391ee6454f3ea7ac3a870590a0f,
        type: 3}
      propertyPath: m_LocalRotation.y
      value: 0
      objectReference: {fileID: 0}
    - target: {fileID: 3010269833411092842, guid: 858a5391ee6454f3ea7ac3a870590a0f,
        type: 3}
      propertyPath: m_LocalRotation.z
      value: 0
      objectReference: {fileID: 0}
    - target: {fileID: 3010269833411092842, guid: 858a5391ee6454f3ea7ac3a870590a0f,
        type: 3}
      propertyPath: m_LocalRotation.w
      value: 1
      objectReference: {fileID: 0}
    - target: {fileID: 3010269833411092842, guid: 858a5391ee6454f3ea7ac3a870590a0f,
        type: 3}
      propertyPath: m_RootOrder
      value: 2
      objectReference: {fileID: 0}
    - target: {fileID: 3010269833411092842, guid: 858a5391ee6454f3ea7ac3a870590a0f,
        type: 3}
      propertyPath: m_LocalEulerAnglesHint.x
      value: 0
      objectReference: {fileID: 0}
    - target: {fileID: 3010269833411092842, guid: 858a5391ee6454f3ea7ac3a870590a0f,
        type: 3}
      propertyPath: m_LocalEulerAnglesHint.y
      value: 0
      objectReference: {fileID: 0}
    - target: {fileID: 3010269833411092842, guid: 858a5391ee6454f3ea7ac3a870590a0f,
        type: 3}
      propertyPath: m_LocalEulerAnglesHint.z
      value: 0
      objectReference: {fileID: 0}
    - target: {fileID: 3010269833411092842, guid: 858a5391ee6454f3ea7ac3a870590a0f,
        type: 3}
      propertyPath: m_AnchoredPosition.x
      value: 0
      objectReference: {fileID: 0}
    - target: {fileID: 3010269833411092842, guid: 858a5391ee6454f3ea7ac3a870590a0f,
        type: 3}
      propertyPath: m_AnchoredPosition.y
      value: 0
      objectReference: {fileID: 0}
    - target: {fileID: 3010269833411092842, guid: 858a5391ee6454f3ea7ac3a870590a0f,
        type: 3}
      propertyPath: m_SizeDelta.x
      value: 340
      objectReference: {fileID: 0}
    - target: {fileID: 3010269833411092842, guid: 858a5391ee6454f3ea7ac3a870590a0f,
        type: 3}
      propertyPath: m_SizeDelta.y
      value: 80
      objectReference: {fileID: 0}
    - target: {fileID: 3010269833411092842, guid: 858a5391ee6454f3ea7ac3a870590a0f,
        type: 3}
      propertyPath: m_AnchorMin.x
      value: 0
      objectReference: {fileID: 0}
    - target: {fileID: 3010269833411092842, guid: 858a5391ee6454f3ea7ac3a870590a0f,
        type: 3}
      propertyPath: m_AnchorMin.y
      value: 0
      objectReference: {fileID: 0}
    - target: {fileID: 3010269833411092842, guid: 858a5391ee6454f3ea7ac3a870590a0f,
        type: 3}
      propertyPath: m_AnchorMax.x
      value: 0
      objectReference: {fileID: 0}
    - target: {fileID: 3010269833411092842, guid: 858a5391ee6454f3ea7ac3a870590a0f,
        type: 3}
      propertyPath: m_AnchorMax.y
      value: 0
      objectReference: {fileID: 0}
    - target: {fileID: 3010269833411092842, guid: 858a5391ee6454f3ea7ac3a870590a0f,
        type: 3}
      propertyPath: m_Pivot.x
      value: 0.5
      objectReference: {fileID: 0}
    - target: {fileID: 3010269833411092842, guid: 858a5391ee6454f3ea7ac3a870590a0f,
        type: 3}
      propertyPath: m_Pivot.y
      value: 0.5
      objectReference: {fileID: 0}
    - target: {fileID: 5427531438398013963, guid: 858a5391ee6454f3ea7ac3a870590a0f,
        type: 3}
      propertyPath: m_OnClick.m_PersistentCalls.m_Calls.Array.size
      value: 1
      objectReference: {fileID: 0}
    - target: {fileID: 5427531438398013963, guid: 858a5391ee6454f3ea7ac3a870590a0f,
        type: 3}
      propertyPath: m_Interactable
      value: 1
      objectReference: {fileID: 0}
    - target: {fileID: 5427531438398013963, guid: 858a5391ee6454f3ea7ac3a870590a0f,
        type: 3}
      propertyPath: m_OnClick.m_PersistentCalls.m_Calls.Array.data[0].m_Mode
      value: 5
      objectReference: {fileID: 0}
    - target: {fileID: 5427531438398013963, guid: 858a5391ee6454f3ea7ac3a870590a0f,
        type: 3}
      propertyPath: m_OnClick.m_PersistentCalls.m_Calls.Array.data[0].m_CallState
      value: 2
      objectReference: {fileID: 0}
    - target: {fileID: 5427531438398013963, guid: 858a5391ee6454f3ea7ac3a870590a0f,
        type: 3}
      propertyPath: m_OnClick.m_PersistentCalls.m_Calls.Array.data[0].m_Target
      value: 
      objectReference: {fileID: 230101698}
    - target: {fileID: 5427531438398013963, guid: 858a5391ee6454f3ea7ac3a870590a0f,
        type: 3}
      propertyPath: m_OnClick.m_PersistentCalls.m_Calls.Array.data[0].m_MethodName
      value: LoadNewScene
      objectReference: {fileID: 0}
    - target: {fileID: 5427531438398013963, guid: 858a5391ee6454f3ea7ac3a870590a0f,
        type: 3}
      propertyPath: m_OnClick.m_PersistentCalls.m_Calls.Array.data[0].m_Arguments.m_ObjectArgumentAssemblyTypeName
      value: UnityEngine.Object, UnityEngine
      objectReference: {fileID: 0}
    - target: {fileID: 5427531438398013963, guid: 858a5391ee6454f3ea7ac3a870590a0f,
        type: 3}
      propertyPath: m_OnClick.m_PersistentCalls.m_Calls.Array.data[0].m_Arguments.m_StringArgument
      value: GameSceneAI
      objectReference: {fileID: 0}
    - target: {fileID: 551525463416312734, guid: 858a5391ee6454f3ea7ac3a870590a0f,
        type: 3}
      propertyPath: m_text
      value: play vs ai
      objectReference: {fileID: 0}
    - target: {fileID: 551525463416312734, guid: 858a5391ee6454f3ea7ac3a870590a0f,
        type: 3}
      propertyPath: m_textInfo.characterCount
      value: 10
      objectReference: {fileID: 0}
    - target: {fileID: 551525463416312734, guid: 858a5391ee6454f3ea7ac3a870590a0f,
        type: 3}
      propertyPath: m_textInfo.spaceCount
      value: 2
      objectReference: {fileID: 0}
    - target: {fileID: 551525463416312734, guid: 858a5391ee6454f3ea7ac3a870590a0f,
        type: 3}
      propertyPath: m_textInfo.wordCount
      value: 3
      objectReference: {fileID: 0}
    m_RemovedComponents: []
  m_SourcePrefab: {fileID: 100100000, guid: 858a5391ee6454f3ea7ac3a870590a0f, type: 3}
--- !u!224 &2482740135712558580 stripped
RectTransform:
  m_CorrespondingSourceObject: {fileID: 3010269833411092842, guid: 858a5391ee6454f3ea7ac3a870590a0f,
    type: 3}
  m_PrefabInstance: {fileID: 2482740135712558579}
  m_PrefabAsset: {fileID: 0}
